<record><leader>00000cas a2200000Ma 4500</leader><controlfield tag="001">10947400</controlfield><controlfield tag="008">840713d18671881nhuwr ne      0    0eng d</controlfield><controlfield tag="009">330</controlfield><datafield ind1=" " ind2=" " tag="010"><subfield code="a">sn 84023692 </subfield></datafield><datafield ind1=" " ind2=" " tag="040"><subfield code="a">AQM</subfield><subfield code="c">AQM</subfield></datafield><datafield ind1="0" ind2=" " tag="130"><subfield code="a">Great Falls journal (Great Falls, N.H. : 1867)</subfield></datafield><datafield ind1="0" ind2="0" tag="245"><subfield code="a">Great Falls journal.</subfield></datafield><datafield ind1=" " ind2=" " tag="260"><subfield code="a">Great Falls [i.e., Somersworth], N.H. :</subfield><subfield code="b">Fernald &amp; Small,</subfield><subfield code="c">1867-</subfield></datafield><datafield ind1=" " ind2=" " tag="300"><subfield code="a">v.</subfield></datafield><datafield ind1=" " ind2=" " tag="310"><subfield code="a">Weekly</subfield></datafield><datafield ind1="0" ind2=" " tag="362"><subfield code="a">Vol. 1, no. 1 (Jan. 5, 1867)-</subfield></datafield><datafield ind1="1" ind2=" " tag="362"><subfield code="a">Ceased with Jan. 28, 1881 issue.</subfield><subfield code="z">Cf. Amer. newspapers, 1821-1936.</subfield></datafield><datafield ind1=" " ind2=" " tag="500"><subfield code="a">Editor: E. Fernald, &lt;1876&gt;.</subfield></datafield><datafield ind1=" " ind2=" " tag="500"><subfield code="a">Publisher: Edwin Fernald, 1867-&lt;1876&gt;.</subfield></datafield><datafield ind1=" " ind2=" " tag="500"><subfield code="a">"A local family newspaper" &lt;1878&gt;.</subfield></datafield><datafield ind1=" " ind2="7" tag="655"><subfield code="a">Newspapers.</subfield><subfield code="2">rbgenr</subfield></datafield><datafield ind1="1" ind2=" " tag="700"><subfield code="a">Fernald, Edwin.</subfield></datafield><datafield ind1=" " ind2=" " tag="752"><subfield code="a">United States</subfield><subfield code="b">New Hampshire</subfield><subfield code="c">Strafford</subfield><subfield code="d">Somersworth.</subfield></datafield><datafield ind1=" " ind2=" " tag="752"><subfield code="a">United States</subfield><subfield code="b">New Hampshire</subfield><subfield code="c">Strafford</subfield><subfield code="d">Great Falls.</subfield></datafield><datafield ind1="0" ind2="7" tag="785"><subfield code="t">Great Falls free press</subfield></datafield><datafield ind1="0" ind2="7" tag="785"><subfield code="t">Free press and journal</subfield></datafield></record>